2181 3209
485 105 862 151 vzazmcvs
925 101 1401 154 Curris-rmum.
1721 116 1782 162 97

103 178 140 225 Β
235 167 381 234 Qod
407 167 463 216 ad
477 169 611 216 Verbi
635 171 720 216 Dei
736 166 1006 215 auditionem
1042 171 1198 216 attinet
1218 205 1230 221 ‚
1268 168 1431 215 clarum
1454 166 1540 222 est,
1575 162 1710 231 quam
1732 167 1782 216 fit
1801 179 2007 221 Concionis

163 235 237 284 illa
249 237 304 281 ad
325 238 536 281 virtutum
562 267 576 288 ,
608 231 795 295 vitaeque
807 231 1032 278 sandlzioris
1047 234 1369 278 incrementum
1391 233 1509 279 vtilis
1521 250 1569 278 ac
1582 233 1775 278 nccessa-
1798 230 1966 269 effifflffl·

160 304 239 349 ria.
265 302 326 344 Ex
342 292 422 343 hac
448 296 662 359 liquidem
677 297 883 341 discimus
895 297 982 340 Dei
995 294 1284 351 voluntatem,
1297 294 1497 359 quidilue
1508 300 1554 342 in
1566 294 1693 342 nobis
1707 300 1777 342 ei-

163 363 266 408 dem
279 362 511 407 reluctetur
522 394 535 413 ,
550 360 672 423 quod
687 359 742 405 ad
756 359 877 405 illam
892 358 1011 404 velut
1023 357 1077 404 ad
1092 376 1294 405 normam
1309 358 1681 406 conformandum
1696 360 1774 406 est.

164 430 217 472 In
229 424 364 471 verbo
383 428 469 470 Dei
481 424 642 471 attente
656 422 808 470 audito
830 460 841 475 ‚
880 421 1079 468 videmus
1096 424 1214 469 velut
1233 427 1280 469 in
1292 423 1557 470 lucidiffimo
1571 423 1769 487 speculo,

163 490 274 552 quid
287 507 366 534 nos
388 488 538 534 deceat
559 484 845 540 dedeceatv03
869 503 1010 549 neque
1024 485 1198 533 tantum
1211 487 1401 535 maculas
1416 489 1676 546 conscientie
1690 505 1774 532 no-

166 555 256 600 strae
270 560 316 599 in
333 552 407 599 illo
419 553 712 615 conspicimus
734 589 746 605 ‚
786 550 940 596 verum
958 555 1086 597 etiam
1107 566 1219 597 certa
1235 550 1297 597 ibi
1324 550 1470 598 media
1483 551 1568 598 illis
1579 551 1777 598 eluendis

162 616 294 664 nobis
307 615 636 679 suppeditantur
648 650 660 662 .
698 619 800 662 Huc
813 613 959 661 referri
975 615 1112 679 potest
1124 653 1134 668 ,
1162 615 1285 679 quod
1298 616 1516 679 Propheta
1527 619 1691 679 Regius
1704 633 1775 662 ac·

159 681 397 728 commode
410 684 602 726 concinit
619 698 632 725 .·
665 683 886 725 Declaratz'o
901 682 1119 742 sermonmn
1132 694 1282 725 tuorum
1295 682 1486 725 illuminat
1508 699 1519 725 ι
1555 683 1604 730 &
1626 681 1773 725 intelle-
1796 683 1890 731 ΡΜ.
1908 685 1981 721 1181„

159 749 260 790 aum
272 747 516 806 d.zrparuuli5
530 776 541 787 .
582 743 841 791 Humilibus
855 749 973 789 enim
999 745 1085 789 Dei
1098 744 1236 790 sermo
1247 782 1259 797 ,
1274 744 1384 807 quid
1396 743 1496 807 ipfis
1510 743 1618 790 defit
1630 744 1778 790 ostenae

158 809 250 861 dit3
266 814 312 855 8<
323 826 413 872 quo
426 811 554 872 pacto
566 807 755 872 idipsum
770 808 1043 870 adimpleant
1055 843 1068 863 ,
1083 807 1349 854 demonstrat
1362 807 1418 854 ad
1431 809 1648 856 amuffim.
1678 811 1774 854 Vn·

159 872 213 918 de
226 873 348 919 reste.
363 889 438 935 per
459 871 649 918 eundem
675 872 860 919 dicitur:
898 880 983 917 Lex
1006 876 1162 918 Domini
1182 875 1432 918 immaculata
1449 887 1669 919 conuertens
1687 876 1776 918 ani-

158 953 266 983 mas:
291 936 545 998 rcstzmom'um
557 940 712 983 Domini
730 937 866 998 fidele,
887 938 1118 999 fizpientiasn
1136 936 1309 997 prrestans
1326 941 1509 999 paruulis·-
1536 942 1665 984 Item:
1693 944 1773 982 Lu-

159 1016 272 1047 cerna
281 1003 433 1060 pedibu»-
444 1016 533 1046 meu
544 1001 697 1045 terbum
708 1015 819 1047 tuum
834 1020 844 1047 :
862 1003 910 1052 ὠ·
923 1005 1049 1046 lumen
1057 1005 1199 1063 semitis
1213 1007 1317 1046 meis.
1350 1005 1447 1068 Q
1458 1006 1577 1047 enim
1592 1037 1605 1057 ‚
1619 1019 1715 1064 quae
1730 1005 1773 1047 in

158 1063 452 1112 concionibus
464 1064 604 1119 audit,
615 1064 837 1124 obseruatj,
865 1065 1017 1112 lumen
1031 1064 1263 1112 infallibile
1274 1066 1486 1129 sequitur,
1514 1084 1568 1112 ne
1580 1065 1777 1114 ambulet

157 1133 205 1174 in
219 1128 425 1185 tenebris,
439 1147 492 1174 ne
502 1144 612 1175 erret
624 1147 698 1192 per
712 1129 840 1176 deuia
852 1166 863 1183 ,
881 1136 927 1176 ὃ(
943 1147 995 1175 ne
1006 1133 1052 1176 in
1065 1129 1237 1176 lubrico
1250 1129 1418 1177 labatur
1434 1149 1445 1177 ;
1463 1128 1539 1176 sed
1549 1135 1774 1178 veritatem

158 1198 204 1239 δε
218 1196 334 1239 viam
349 1193 562 1245 tenendo,
577 1194 633 1240 ad
647 1198 782 1240 vitam
796 1209 999 1240 aeternam
1013 1198 1252 1258 perueniat.

88 1263 131 1309 C
182 1300 188 1304 ,
223 1257 365 1313 Quod
378 1274 523 1305 autem
546 1257 820 1322 frequentius
837 1273 1009 1319 peccata
1031 1257 1104 1304 sua
1120 1275 1195 1321 per
1207 1260 1479 1304 Poenitentiae
1514 1261 1770 1305 Sacramen-
1800 1266 2007 1320 Confeffion

156 1335 250 1366 tum
265 1320 530 1384 abstergere,
557 1340 771 1386 magnum
784 1320 953 1368 adferat
976 1321 1283 1368 adiumentum
1298 1357 1310 1376 ‚
1337 1321 1395 1368 acl
1411 1326 1671 1369 virtutemin
1689 1323 1771 1369 ho-
1800 1317 2011 1355 nisvulitas„

158 1389 280 1430 mine
294 1385 549 1432 Christiano
571 1386 885 1433 cumulandam
908 1421 922 1440 ‚
959 1385 1044 1431 hoc
1057 1384 1173 1432 forte
1188 1384 1468 1449 quibusdam,
1483 1385 1508 1432 εὶ
1522 1383 1777 1434 Confesfio·

117 1454 122 1460 ’
159 1465 214 1494 ne
233 1448 357 1496 stulte
381 1449 743 1504 abhorrentibus,
762 1449 959 1514 persuasu
973 1448 1150 1496 difficile
1172 1449 1417 1503 videretur,
1432 1448 1505 1496 sed
1520 1467 1665 1497 tamen
1678 1450 1777 1498 luce

156 1513 401 1563 meridiana
412 1513 568 1560 clarius
579 1514 639 1560 est
652 1553 662 1567 ‚
692 1513 723 1560 fi
738 1514 804 1561 vel
818 1516 1058 1560 humanam
1069 1518 1285 1559 rationem
1299 1512 1582 1561 consulueris.
1606 1519 1779 1578 Ingen-

157 1580 217 1622 tia
229 1580 344 1622 enim
364 1594 533 1640 portare
555 1578 772 1642 pondera,
801 1578 952 1624 saxum
968 1577 1153 1641 pedibus
1186 1578 1411 1641 alligatum
1427 1577 1621 1638 trahere3
1655 1597 1779 1626 coma

155 1640 341 1704 pedibus
364 1641 612 1704 catenisc'lue
625 1643 864 1707 constringi
879 1681 890 1696 ‚
919 1643 1037 1688 mille
1050 1659 1242 1688 remotas
1279 1648 1326 1689 &
1345 1639 1615 1690 offendicula
1649 1642 1781 1690 susti-

158 1721 257 1750 nere
277 1743 288 1764 ,
317 1723 409 1751 non
424 1722 513 1752 tam
527 1706 626 1752 sunt
648 1711 728 1752 iter
741 1711 884 1770 agenti
899 1706 1221 1770 impedimento
1234 1744 1243 1759 ,
1270 1706 1405 1769 quam
1423 1712 1602 1753 Vnicum
1618 1725 1778 1769 pecca-

157 1783 252 1815 tum
278 1770 457 1816 mortale
479 1770 711 1817 hominem
747 1772 1050 1817 Christianum
1073 1769 1259 1834 impedit
1280 1809 1291 1824 ,
1331 1769 1423 1833 quo
1454 1770 1601 1817 minus
1624 1775 1670 1817 in
1711 1779 1780 1820 via

156 1835 341 1879 Domini
357 1834 684 1896 progrediatur.
733 1838 821 1880 Hic
833 1838 996 1881 etenim
1015 1852 1104 1881 non
1131 1833 1304 1880 tantum
1317 1834 1434 1880 dieta
1457 1835 1529 1881 illa
1558 1833 1777 1884 obstacula

158 1900 317 1959 patitur
333 1936 342 1947 ,
369 1897 439 1942 sed
454 1899 627 1959 insuper
638 1898 777 1961 ,Vsque
790 1898 845 1946 ad
858 1902 1063 1945 verticem
1077 1902 1121 1944 in
1135 1898 1244 1945 limo
1259 1896 1473 1960 profundi
1500 1899 1609 1945 fixus
1623 1899 1768 1956 haeret,

137 1960 298 2008 immo
314 1960 530 2007 lethaliter
550 1963 803 2008 vulneratus
836 1967 944 2009 iacet
961 1999 972 2010 .
1013 1962 1162 2009 Ethoc
1187 1963 1362 2026 insuper
1381 1967 1560 2008 maioris
1580 1964 1681 2010 mali
1704 1969 1772 2010 in-

155 2025 439 2071 commodum
456 2024 775 2089 sustinet,quod
787 2031 1080 2072 communiter
1095 2027 1598 2089 peccatumvnuin,aliud
1612 2045 1772 2091 quam-

156 2087 350 2150 primum
367 2089 423 2135 ad
439 2090 476 2134 sc
502 2107 727 2153 peccatum
743 2091 885 2136 trahat
896 2124 908 2144 ,
923 2089 1000 2135 nisi
1015 2108 1119 2137 mox
1136 2090 1245 2136 illud
1260 2107 1333 2152 per
1347 2090 1680 2138 Confeffionem
1693 2110 1772 2138 ex-

136 2156 315 2199 zimatur
328 2189 338 2199 .
359 2157 635 2217 'Frequenter
646 2170 792 2200 autem
818 2169 991 2217 peccata
1003 2154 1155 2209 fateri,
1172 2154 1227 2200 ad
1240 2155 1324 2200 hoc
1334 2172 1423 2200 non
1437 2153 1579 2201 solnm
1601 2157 1773 2202 condu-

156 2220 244 2271 cit,
268 2232 315 2262 vt
338 2216 606 2263 conscientiae
636 2218 781 2264 vultus
806 2223 954 2279 purior
974 2217 1246 2280 nitidiori-lue
1280 2220 1555 2265 conseruetur
1582 2242 1593 2276 3
1616 2218 1771 2267 verum

153 2284 282 2325 etiam
299 2285 562 2342 praemunit,‚
588 2287 632 2328 &
648 2280 847 2335 roborat,
876 2300 929 2327 ne
943 2282 1031 2327 cito
1047 2287 1090 2327 in
1114 2298 1341 2344 peccatum
1357 2282 1495 2329 Vllum
1514 2285 1695 2330 mortale
1708 2284 1771 2330 la-

134 2352 137 2353 ’
154 2342 306 2401 batur3
329 2343 569 2407 meliusqtre
582 2345 621 2390 se
640 2362 791 2392 contra
804 2346 988 2391 venialia
1002 2346 1251 2409 praeseruet3
1267 2352 1313 2393 <Sc
1326 2346 1380 2393 ad
1396 2347 1655 2407 ampliorem
1671 2366 1770 2411 gra-

133 2434 135 2437 .
152 2412 256 2453 tiam
273 2409 606 2470 promerendam
619 2443 632 2464 ,
667 2409 941 2474 maioresque
955 2413 1000 2456 in
1015 2408 1250 2457 virtutibus
1274 2410 1517 2474 progressus
1529 2411 1771 2469 faciendos,

135 2470 356 2517 reddatur
370 2471 568 2518 alacrior.

222 2534 430 2600 Qvero
446 2536 503 2581 ad
520 2535 963 2583 ramaccommodum
981 2573 994 2592 ‚
1017 2554 1091 2600 per
1115 2535 1449 2583 Confeffionem
1476 2536 1736 2587 crebriorem
1750 2575 1765 2596 ,
1794 2550 1893 2587 Rarb
1911 2552 2003 2587 cono‘

155 2601 385 2652 auxilium,
412 2600 619 2646 tardiores
633 2603 748 2657 sunt3
789 2599 1061 2646 considerent
1075 2601 1221 2647 saltem
1243 2601 1400 2646 aedium
1429 2601 1601 2649 suarum
1640 2611 1762 2668 paui-
1791 2598 1976 2652 fiteiirium

158 2660 382 2713 mentum,
405 2663 526 2725 quod
539 2682 629 2709 non
654 2663 793 2711 solum
810 2663 915 2728 saepe
931 2663 1112 2712 versum.
1132 2665 1388 2717 nitidum,&
1403 2665 1426 2711 εὶ
1441 2671 1636 2713 minimis
1652 2686 1763 2732 quo·
1792 2658 1934 2687 mema‘

159 2742 244 2787 que
259 2722 457 2772 sordibus
470 2725 896 2782 seruaturiinmu11e;
934 2727 1311 2781 verumecontra,
1342 2728 1370 2774 fi
1387 2730 1481 2775 raro
1505 2729 1652 2794 scopas
1678 2732 1764 2779 ad·-

147 2787 378 2846 imbuerit,
403 2806 543 2839 tantas
569 2792 788 2840 contrahit
803 2792 998 2840 sordium
1026 2791 1594 2856 coeiuiqueincrustationcS„
1623 2801 1766 2842 vtiam

1367 2857 1414 2902 N
1683 2876 1774 2907 non
