2181 3209
521 75 874 124 Vantntcvs
931 70 1412 122 cnam-rusve*
1753 97 1813 141 99

199 138 271 188 seu
294 139 539 205 purgandi,
565 144 635 185 seu
649 137 854 190 curandi,
881 138 1237 199 restaurandique
1256 138 1417 200 gratia.
1451 139 1616 189 Eadem
1631 144 1690 191 est
1703 152 1816 194 ratio

197 205 454 268 purgandae,
474 202 673 249 curandae
687 239 697 254 ,
725 199 1062 263 reparandaesIue
1085 219 1160 265 per
1174 201 1507 249 Confessionem
1523 211 1678 253 animae
1692 244 1704 263 ‚
1728 214 1813 256 cir-

191 268 339 320 cailla,
357 273 403 313 in
417 267 576 330 quibus
591 282 673 329 prae
695 263 975 317 infirmitate,
1003 264 1070 311 vel
1081 266 1164 312 alia
1188 283 1239 311 ex
1252 265 1401 319 caula,
1425 265 1699 332 frequentius
1722 275 1809 324 *tali

193 330 334 376 studio
347 331 598 394 indiguerit.

122 404 168 450 D
242 398 442 440 Tertium
459 428 471 447 ,
493 392 616 456 quod
629 390 869 454 Responfio
892 389 1064 437 dicebat
1075 389 1200 437 valde
1210 390 1267 438 ad
1291 393 1543 456 profed'cnm
1560 401 1604 442 in
1618 401 1799 445 virtuti-
1820 404 1968 442 Frustus

191 457 273 503 bus
286 455 539 503 faciendum
563 453 902 502 accommodum
917 490 930 509 ‚
950 456 1009 500 est
1018 455 1133 500 sacra
1144 457 1325 515 Synaxis
1343 490 1354 501 .
1395 463 1446 504 Et
1459 459 1567 523 quid
1584 465 1628 505 in
1651 480 1703 508 eo
1715 462 1796 509 du·
1811 455 2005 506 Commu·

191 521 252 587 bij
266 519 347 567 esse
373 535 504 583 queat
523 524 632 582 quin
645 525 701 565 ita
716 516 764 562 fit
784 551 797 571 ‚
833 517 1039 580 cumipse
1055 556 1065 570 ,
1083 522 1160 581 qui
1173 518 1235 566 ibi
1250 519 1458 576 sumitur,
1483 528 1554 568 via
1569 523 1618 569 fit
1632 558 1645 579 ,
1661 542 1796 587 quam
1810 513 1946 586 22⁰¹?

186 584 457 631 inambulare
470 583 678 629 debemus
695 585 875 627 :veritas
888 615 901 635 ‚
921 598 1016 645 quae
1031 599 1111 628 nos
1124 599 1261 628 errare
1274 602 1368 630 non
1383 585 1517 645 (mat,
1544 592 1590 633 &
1604 592 1707 642 vita,
1732 588 1762 635 fi
1774 616 1796 625 ·
1891 574 1900 584 ⁶
1937 561 1974 596 4⁸

187 666 243 694 ne
286 665 340 693 ua
352 665 431 693 nec
443 652 589 693 viuere
604 681 617 702 ‚
640 662 719 692 nec
730 662 905 690 mouere
926 663 1006 691 nos
1017 645 1237 692 valeamus
1253 685 1262 699 ‚
1286 654 1332 694 &
1345 666 1419 711 per
1442 666 1576 711 quam
1590 651 1644 696 ad
1658 658 1794 700 vitam

182 665 659 759 tenctlamusaeternam?
692 708 784 770 Ipse
797 709 855 752 est
868 713 1074 755 viaticum
1089 710 1238 754 nosttae
1262 711 1391 757 huius
1417 718 1792 776 peregrinationis,

182 792 272 838 quo
285 773 474 820 destituti
485 774 770 820 deficeremus
786 777 833 818 in
844 777 938 818 via:
963 790 1053 835 quo
1066 771 1166 818 freti
1180 778 1372 821 viuimus
1385 813 1396 829 ,
1411 777 1607 823 valemus
1621 812 1635 833 ‚
1648 780 1797 826 valen-

183 838 403 901 tioresque
416 843 462 884 in
479 838 571 884 dies
584 835 813 882 efficimur.

247 900 390 964 Qud
402 919 546 948 autem
562 939 572 954 ‚
596 917 644 946 vt
656 899 711 945 de
727 897 1012 946 Confeffione
1024 898 1213 947 diximus
1225 936 1237 955 ‚
1258 905 1389 949 etiam
1401 901 1456 950 ab
1472 904 1557 951 hoc
1579 905 1728 952 caelcsti
1746 924 1791 952 e-
1812 919 1957 968 Ineptia
1982 921 2018 959 fe

180 966 284 1031 pulo
296 967 335 1010 [e
346 965 529 1027 quidam
553 979 757 1027 praetextu
770 967 946 1008 maioris
967 969 1212 1010 reuerentiae
1224 1000 1236 1019 ‚
1274 967 1522 1014 deuotionis
1535 1006 1546 1020 ,
1574 973 1619 1015 ὃς
1643 969 1688 1016 id
1705 988 1788 1032 ge-
1813 970 2022 1020 aeommu-

182 1047 265 1076 nus
277 1027 430 1076 fucatae
454 1032 650 1082 rationis,
663 1026 937 1085 subducunt3
962 1025 1096 1072 fidem
1111 1028 1238 1074 dietis
1261 1031 1438 1076 illorum
1454 1031 1642 1094 aliquam
1656 1034 1782 1080 adhi·
1802 1027 1923 1099 {moine
1932 1017 2024 1068 *sub-

181 1093 354 1146 berem,
376 1092 519 1139 fitales
533 1127 546 1146 ‚
568 1091 854 1155 postomnem
869 1107 1039 1137 moram
1053 1129 1063 1144 ‚
1091 1095 1221 1138 etiam
1236 1099 1338 1140 anni
1359 1098 1516 1158 integri
1537 1099 1790 1159 tergiuersa-
1826 1075 2023 1102 mmmm

180 1162 346 1203 tionem
360 1190 373 1210 ,
399 1163 444 1203 δε
459 1157 552 1220 post
564 1172 745 1201 omnem
756 1152 881 1199 suum
902 1172 1102 1201 annuum
1116 1172 1374 1217 apparatum
1388 1191 1401 1209 ,
1424 1163 1581 1205 maiori
1593 1179 1692 1206 cum
1713 1162 1792 1208 de-

176 1225 362 1267 uotione
385 1238 433 1266 ac
444 1224 685 1266 reuerentia
698 1217 896 1264 accedere
907 1236 1143 1264 cernerem.
1167 1220 1252 1266 Sed
1265 1220 1412 1267 videas
1426 1238 1531 1268 tunc
1555 1229 1795 1273 maximam

177 1283 480 1330 confusionem
496 1319 508 1338 ,
529 1282 843 1336 turbationem,
856 1286 900 1327 ὃ(
912 1281 1263 1341 diffolutionem3
1299 1301 1388 1330 tam
1402 1290 1447 1331 in
1461 1288 1787 1343 Sacerdotibus,

177 1347 313 1411 quiid
326 1346 522 1394 dolenter
535 1346 779 1409 adspiciunt
791 1380 804 1400 ‚
829 1345 964 1408 qualm
979 1350 1022 1392 in
1034 1346 1108 1392 tali
1123 1347 1358 1394 hominum
1371 1348 1498 1396 turba
1513 1385 1525 1405 ,
1549 1357 1627 1413 qui
1642 1352 1697 1398 ad
1712 1372 1793 1399 an-

180 1412 327 1458 nalem
339 1412 459 1459 illam
473 1411 757 1456 deuotionem
782 1426 870 1455 tam
886 1410 1169 1456 tumultuarie
1182 1429 1462 1459 concurrunt.
1499 1415 1623 1460 Adeo
1636 1433 1683 1462 vt
1693 1435 1789 1463 om-
1808 1431 2013 1480 Prepostera

179 1481 247 1523 nis
259 1475 349 1521 fere
363 1476 515 1522 talium
527 1474 705 1520 deuOtio
722 1512 734 1528 ‚
745 1491 842 1537 erga
857 1477 1185 1522 Sacramentum
1200 1477 1285 1522 hoc
1307 1477 1654 1539 augustissimum
1667 1498 1786 1528 reue·
1809 1484 2010 1526 quorfid-dm
2041 1494 2044 1495 ’

177 1544 315 1588 tentia
326 1575 339 1594 ,
353 1557 402 1585 ac
415 1542 684 1603 praeparatio,
702 1548 765 1595 (vt
779 1537 1066 1584 miserandam
1082 1542 1168 1586 iam
1183 1538 1496 1587 confessionem
1510 1547 1789 1603 omittam)i11
1805 1527 1970 1571 deuotio,

176 1608 354 1667 optimis
365 1604 443 1654 ,vel
456 1603 604 1657 nouis,
625 1606 839 1647 autetiam
850 1602 1002 1648 alienis
1012 1603 1202 1650 vestibus
1217 1603 1482 1651 assumendis
1499 1605 1717 1662 consistat,
1740 1614 1788 1658 in

177 1666 567 1726 quibus‚vtalienis
580 1665 1024 1728 pluinis,glorientur·,
1049 1666 1268 1729 plateatim
1284 1671 1431 1731 postea
1453 1664 1787 1721 obambulantes

179 1731 365 1795 smitam
373 1750 415 1777 m
427 1746 525 1776 eant
537 1764 550 1784 ,
566 1729 692 1775 simul
703 1730 948 1792 spenstentur
961 1745 1008 1775 vt
1019 1730 1116 1794 ipfi.

240 1794 312 1842 Ad·
323 1795 436 1841 hanc
448 1811 624 1857 quoque
637 1798 924 1840 reuerentiam
939 1800 1136 1856 pertinet,
1148 1792 1273 1856 quod
1285 1812 1336 1840 eo
1349 1794 1418 1841 die
1450 1800 1580 1853 (iuxta
1596 1799 1784 1848 sterilem

174 1857 298 1906 illum
311 1859 560 1904 deuotionis
581 1860 815 1914 corticem)
841 1876 893 1903 ne
916 1857 1104 1920 digitum
1128 1858 1309 1919 quidem
1334 1860 1408 1905 vlli
1431 1865 1489 1906 rei
1511 1863 1782 1921 domesticae‚

172 1927 300 1969 etiam
316 1920 658 1975 humilitatis,vel
671 1925 854 1967 maximi
866 1920 1326 1984 meriti,boni'q.officii
1338 1923 1572 1971 admouere
1585 1926 1746 1990 dignen
1758 1956 1781 1964 -

173 2001 311 2033 turtac
325 1985 354 2031 fi
367 2002 463 2031 ante
483 1983 595 2031 fores
611 1983 1019 2037 defiderefabulari,
1029 2003 1101 2047 per
1113 1989 1333 2031 ciuitatem
1347 1989 1520 2036 curiose
1533 1989 1784 2049 discurrere,

170 2067 271 2096 cum
285 2048 592 2096 consodalibus
605 2053 815 2112 gregatim
830 2053 989 2110 vagari,
1005 2054 1142 2111 magis
1156 2066 1254 2095 cum
1271 2049 1434 2096 Christi
1451 2052 1658 2115 dignitate
1673 2074 1781 2102 con·

172 2114 338 2167 cordet,
352 2112 738 2174 quemsumlerunt
751 2146 763 2166 ,
784 2114 918 2173 (μιεὶιτι
935 2112 1094 2158 debitis
1113 2113 1369 2159 humilitatis
1390 2113 1611 2179 obsequiis
1627 2137 1682 2164 eo
1708 2120 1781 2167 die

169 2176 291 2223 domi
303 2177 504 2224 insistere.
533 2179 748 2229 Summa,
762 2176 816 2221 eo
829 2175 991 2238 spectat
1003 2176 1154 2222 talium
1169 2176 1264 2222 talis
1278 2176 1482 2233 deuotio,
1501 2197 1547 2225 vt
1559 2198 1690 2243 quem
1708 2201 1782 2246 per

167 2258 331 2287 annum
345 2241 601 2287 distulerunt
613 2239 840 2285 admittere
854 2275 865 2292 ‚
883 2255 1111 2285 momento
1124 2238 1250 2284 citius
1263 2257 1311 2284 ex
1325 2245 1461 2288 animi
1483 2246 1780 2305 penetralibus

169 2304 411 2350 exturbent.
435 2309 535 2351 Hoc
550 2303 739 2349 studium
750 2301 1069 2365 consiliumilue
1081 2301 1192 2348 vafri
1206 2301 1564 2366 serpentiS‚nobis
1579 2325 1667 2355 tam
1681 2311 1706 2355 s
1699 2329 1777 2373 pe-

169 2368 285 2414 cioso
297 2369 700 2414 artificioremeam
718 2366 1017 2412 submoneatis
1038 2405 1045 2417 ,
1072 2384 1204 2427 quam
1217 2365 1272 2411 ad
1294 2372 1460 2414 virtutis
1487 2388 1776 2434 augmentum

171 2447 260 2478 tam
273 2436 396 2478 nouit
407 2431 638 2477 efficacem.
678 2430 818 2491 Qod
835 2429 1226 2482 duminfidelitate,
1240 2446 1313 2475 aut
1323 2449 1468 2494 aperta
1480 2437 1769 2489 malitia,cras-

169 2493 264 2540 save
281 2496 539 2558 negligentia
554 2492 901 2557 nequitefficere,
930 2511 1056 2554 praete
1078 2510 1138 2538 tu
1162 2493 1209 2539 id
1223 2499 1423 2547 maioris,
1450 2514 1496 2542 vt
1508 2499 1612 2551 dixi,
1631 2500 1772 2548 deuo-

170 2562 302 2605 tionis
326 2577 372 2605 ac
385 2562 631 2604 reuerentiae
657 2557 845 2618 perficit.
900 2559 1012 2618 Qo
1026 2556 1395 2619 pallio‚s1mplices
1414 2559 1452 2605 se
1475 2579 1565 2612 non
1579 2562 1718 2610 solum
1745 2566 1772 2611 εὶ

169 2637 256 2669 tam
270 2622 437 2668 salutari
449 2626 665 2673 exercitio,
678 2638 779 2666 cnm
794 2619 983 2666 dolenda
997 2625 1149 2665 animae
1160 2622 1769 2685 {aestutapropulsant3vetiim

166 2689 293 2731 otiam
319 2685 358 2731 se
377 2685 531 2732 melius
564 2683 702 2730 facere
722 2683 985 2730 arbitrantur
1008 2688 1060 2729 iis
1087 2722 1097 2737 ‚
1135 2689 1212 2746 qui
1234 2685 1455 2746 Angelicis
1480 2689 1568 2734 istis
1599 2690 1768 2738 deliciis

164 2749 370 2799 fruuntur
379 2746 652 2816 frequentius
665 2770 679 2810 3
697 2764 750 2795 vt
763 2752 1018 2813 quitantam
1030 2763 1116 2795 tam
1132 2749 1362 2795 tremendo
1373 2752 1571 2813 mysterio
1584 2771 1671 2799 non
1689 2755 1766 2801 de·

1276 2814 1325 2860 N
1361 2834 1384 2860 ι
1621 2815 1765 2868 ferant
