2181 3209
433 105 809 150 VER1nrcvs
874 101 1347 148 CnnrsrrANVS.
1679 117 1767 159 219

150 165 277 214 nihili
297 165 387 213 fere
403 165 572 214 faciunt
584 183 678 229 quae
690 170 879 219 retinent
891 166 982 210 visu
997 163 1153 210 amisso
1167 183 1178 207 .·
1195 163 1355 227 dumq.
1374 163 1562 215 libenter
1573 163 1751 225 quiduis
1761 201 1774 219 ‚

151 231 452 277 velinundum
466 249 647 279 aureum
672 229 700 276 fi
717 230 810 275 fieri
837 227 974 291 poffet
998 228 1239 291 penderent
1263 229 1432 288 proillo
1451 229 1766 287 recuperando.

151 293 427 357 Videturqtie
439 300 665 343 creationis
688 293 988 340 Vniuersorum
1002 291 1129 347 ordo,
1145 293 1377 353 Deis'luegin
1393 288 1475 337 illis
1500 290 1672 337 elucens
1690 295 1773 338 Saau

151 363 314 422 pientia
338 359 442 405 huic
464 363 632 406 rationi·
654 357 845 422 ipsorum
882 355 1110 418 fuffragari
1127 393 1136 403 .
1180 358 1356 418 Scimus
1379 354 1593 417 siquidem
1621 358 1769 403 Deum

151 423 304 468 caelum
318 428 362 469 &
376 439 534 469 terram
560 428 606 468 in
620 423 743 468 vsum
757 423 950 467 hominis
961 419 1201 465 condidiffe
1219 436 1231 471 ς
1259 424 1304 465 &
1321 436 1364 464 vt
1377 435 1466 464 tam
1482 418 1769 481 pulchrarum

152 503 296 532 rerum
310 521 322 540 ‚
338 504 445 549 quas
461 485 635 539 fecerat,
658 486 742 532 ads
738 487 864 548 pectu
887 484 1023 529 homo
1037 484 1250 528 frueretur
1265 518 1277 537 ‚
1304 488 1348 528 δέ
1361 482 1417 528 ad
1431 484 1494 528 sni
1529 483 1770 530 conditoris

148 568 346 596 amorem
360 569 411 595 eo
435 556 574 613 inagis
605 549 933 602 incenderetur,
961 546 1106 593 fecisse
1130 548 1302 609 insuper
1324 547 1415 592 duo
1436 544 1668 592 luminaria
1688 582 1701 601 ‚
1725 563 1773 593 vt

149 614 340 660 lucerent
354 619 399 659 in
427 614 707 660 firmamento
732 613 1091 659 &illuminarent
1107 627 1263 657 terram
1277 646 1286 655 .
1340 614 1398 657 At
1415 610 1522 672 quid
1556 610 1774 672 prodesset

147 692 238 723 tam
254 679 504 723 instrustam
519 678 598 723 effe
610 693 673 724 tot
694 680 962 723 ornamentis
987 676 1182 737 amplam
1199 674 1312 719 hanc
1326 679 1473 736 magni
1490 677 1627 719 Patris
1640 673 1772 719 fami-

148 741 279 794 liam,
293 741 472 803 tamque
485 740 759 804 splendentes
771 745 829 786 eis
844 738 1200 801 contemplandis
1216 737 1437 784 adhibitas
1458 738 1572 802 faces
1586 773 1598 792 ,
1624 738 1701 783 nifi
1727 744 1773 785 &c

147 805 286 856 oculis
299 807 500 867 praeditus
517 805 564 850 fit
578 805 713 850 homo
727 840 739 859 ‚
765 804 924 865 quibus
938 804 1028 848 haec
1040 808 1191 848 omnia
1216 802 1564 864 contempletur?
1604 803 1772 848 Merito

146 872 290 931 itaque
304 886 470 932 magnae
485 870 779 913 aestimationis
794 874 838 914 &
852 866 1110 912 excellentiae
1123 865 1323 912 censendi
1336 866 1432 911 sunt
1447 866 1562 912 oculi
1576 898 1585 916 ,
1602 871 1647 911 ’δε
1661 882 1770 928 prae-

146 936 328 994 cipuum
348 931 725 995 prii-icipalemr'lue
737 936 848 976 inter
861 930 1000 976 sensus
1015 930 1218 976 obtinent
1231 929 1469 975 locum-Sic
1482 928 1632 975 dehoc
1648 935 1772 991 prin-

149 1001 296 1058 cipatu
315 999 374 1040 D.
391 999 516 1058 Augu
527 995 818 1041 i'tinustOculi
833 994 930 1040 sunt
943 994 998 1040 ad
1016 993 1371 1058 cognoscendum
1383 998 1427 1038 in
1443 992 1633 1039 sensibus
1649 999 1768 1054 prin·
1786 1018 1921 1052 Aaou&

150 1063 285 1122 cipes.
314 1059 382 1105 Ad
396 1061 545 1105 oculos
557 1059 737 1122 quidem
753 1059 926 1122 proprie
950 1057 1098 1104 videre
1113 1062 1298 1119 pertinet
1316 1076 1326 1103 :
1351 1061 1515 1102 vtimur
1538 1056 1763 1103 nihilomi-
1784 1050 1994 1117 lz'.13.C0nfi

153 1140 234 1168 nus
249 1123 330 1168 hoc
343 1123 617 1186 quoq.verbo
632 1128 734 1170 &in
747 1127 907 1168 caeteris
921 1121 1124 1174 sensibus,
1141 1121 1242 1166 cum
1258 1139 1330 1167 eos
1342 1121 1397 1166 ad
1412 1120 1768 1183 cognoscendum
1783 1126 1866 1162 ΜΝ
1878 1127 1888 1161 )”
1899 1141 1910 1151 ·

150 1186 438 1232 intendimus.
477 1190 681 1232 Dicimus
697 1191 815 1232 enim
840 1204 926 1232 non
942 1183 1110 1238 solum3
1137 1184 1371 1247 Videquid
1385 1185 1549 1239 luceat,
1577 1183 1649 1230 sed
1669 1185 1771 1231 vide

148 1255 278 1296 etiam
295 1250 403 1313 quid
419 1252 553 1303 sonet,
574 1251 675 1297 vide
688 1251 798 1313 quid
810 1252 938 1303 oleat,
972 1250 1073 1295 vide
1083 1249 1192 1312 quid
1205 1250 1341 1312 sapiat
1358 1283 1371 1303 ,
1404 1248 1505 1295 vide
1530 1249 1665 1312 quam
1679 1248 1770 1295 du·-

149 1331 249 1360 tum
265 1313 327 1360 sit:
357 1318 416 1360 ita
434 1317 491 1358 D.
505 1317 787 1379 Augustinus.

189 1394 193 1399 “
213 1380 349 1423 Nunc
361 1379 463 1424 vero
479 1385 582 1440 quia
603 1379 719 1424 oculi
737 1382 781 1423 in
794 1377 970 1423 editiori
988 1376 1087 1422 loco
1100 1376 1303 1422 collocari
1336 1392 1384 1422 vt
1396 1375 1678 1439 speculatores
1692 1377 1767 1423 de·
1787 1387 1977 1424 Naturalis

146 1439 335 1499 bebant3
359 1447 405 1488 δε
417 1448 519 1505 quia
544 1458 633 1488 tam
647 1442 814 1488 lucidos
830 1477 843 1498 ‚
867 1440 1040 1486 subtiles
1055 1478 1065 1492 ,
1102 1445 1146 1485 &
1159 1441 1315 1486 celeres
1329 1440 1411 1486 esse
1435 1440 1665 1503 oportebat
1679 1479 1690 1495 ,
1713 1442 1769 1488 ad
1787 1436 1974 1487 0⁶⁰¹9fflm

144 1505 250 1552 ilico
266 1510 438 1552 eminus
464 1523 640 1568 quoque
653 1507 857 1568 sagaciter
880 1503 1237 1567 conspiciendum
1263 1511 1306 1551 δε
1322 1505 1578 1569 tempestiue
1616 1511 1771 1568 praeui-
1786 1492 1968 1522 ‘nummo‘

143 1568 341 1615 dendum
356 1569 578 1632 quidquid
591 1570 629 1616 se
642 1570 819 1616 offerret
832 1604 844 1623 ,
874 1567 962 1614 fiue
974 1568 1145 1614 bonum
1162 1567 1248 1615 fiue
1263 1569 1428 1615 malum
1443 1591 1455 1627 3
1472 1567 1575 1614 ideo
1592 1575 1637 1615 δέ
1652 1576 1750 1615 tene
1761 1591 1773 1602 ·

143 1637 278 1678 riores
289 1651 339 1678 ac
365 1633 633 1680 delicatiores
645 1634 726 1680 effe
739 1638 933 1697 oportuit
957 1670 968 1687 ‚
992 1638 1037 1678 δε
1049 1651 1145 1679 eam
1159 1631 1219 1678 ob
1243 1633 1413 1679 causam
1429 1637 1583 1679 maiori
1601 1634 1775 1696 insuper

142 1696 408 1760 indigebant
420 1698 617 1744 custodia
632 1703 951 1746 &munitione
988 1702 1088 1742 Huc
1102 1695 1294 1743 seruiunt
1307 1715 1396 1743 non
1432 1697 1654 1759 supercilia
1679 1712 1777 1742 tan-

144 1759 242 1807 tum
255 1761 407 1807 oculos
421 1759 601 1823 desuper
615 1766 884 1825 protegentia
900 1797 912 1816 ‚
936 1760 1089 1807 verum
1106 1765 1236 1806 etiam
1249 1759 1540 1807 vicinioribus
1555 1760 1773 1823 palpebris

142 1828 405 1871 muniuntur
419 1857 432 1878 ‚
445 1825 605 1888 quibus
620 1826 801 1888 quando
814 1843 926 1888 opus
940 1825 998 1869 est
1028 1830 1105 1870 toti
1120 1823 1386 1886 obteguntur
1400 1831 1444 1872 &
1455 1825 1747 1871 inuoluuntur
1760 1860 1771 1870 .

145 1886 344 1950 Ideoque
360 1889 570 1952 oblongis
593 1891 692 1952 pilis
719 1888 1045 1936 haecinuolucra
1068 1888 1199 1950 longa
1213 1887 1315 1934 serie
1326 1905 1489 1934 armata
1503 1891 1600 1933 sunt
1613 1923 1626 1942 ‚
1644 1905 1692 1934 vt
1705 1907 1773 1934 ce-

144 1951 220 1998 leri
237 1951 313 1998 suo
327 1954 594 2016 micantiqiie
610 1968 733 1999 motu
755 1970 950 2007 atomos,
976 1951 1134 1998 culices
1148 1987 1160 2006 ,
1179 1951 1344 1998 muscas
1359 1989 1368 2004 ,
1392 1952 1493 1998 &id
1506 1969 1642 2013 genus
1658 1952 1774 1998 voli-

142 2020 331 2079 tantium
345 2017 765 2079 impedimentorum
779 2017 834 2063 ab
846 2016 983 2063 oculis
996 2032 1168 2062 arceant
1192 2016 1309 2062 velut
1323 2016 1439 2062 vallo
1453 2017 1692 2070 aristarum,
1722 2021 1770 2062 ἅτ

144 2080 286 2125 visum
302 2096 448 2126 tamen
465 2098 554 2128 tam
579 2080 740 2127 crebris
753 2081 910 2127 retibus
933 2098 1022 2126 non
1040 2079 1287 2140 impediant
1302 2117 1312 2127 .
1342 2081 1580 2136 Celei-itas,
1606 2079 1771 2126 flabelli

146 2142 355 2189 strudtura
370 2180 383 2199 ‚
397 2146 494 2191 vsus
511 2181 523 2200 ,
549 2144 965 2208 &imperceptibilis
991 2143 1080 2190 fere
1095 2143 1330 2190 claudendi
1345 2143 1658 2207 aperiendique
1675 2145 1772 2191 affi-

143 2206 230 2253 due
245 2208 400 2254 oculos
421 2213 590 2255 iteratio
616 2209 894 2256 admirationi
913 2208 1007 2255 sunt
1021 2226 1111 2253 non
1127 2212 1303 2269 exiguae.
1334 2208 1523 2254 Vnde&
1544 2207 1769 2271 quidquid

143 2286 229 2333 prae
240 2277 448 2335 temporis
459 2272 671 2319 breuitate
692 2275 1055 2335 aestimarinequit
1076 2306 1090 2328 ‚
1116 2274 1221 2317 ictui
1237 2271 1654 2335 oculicomparatur.
1681 2276 1767 2318 Di-
1793 2264 1806 2289 ¹

140 2339 201 2380 cit
215 2340 333 2381 enim
348 2337 581 2398 Apostolus
599 2355 611 2383 :
636 2347 681 2383 In
695 2352 881 2384 momento
894 2373 906 2392 ,
921 2354 957 2382 m
970 2340 1044 2381 ι’ῐίιι
1055 2339 1149 2381 oculi
1160 2337 1383 2399 resurgent
1396 2341 1574 2382 mortui:
1590 2338 1675 2383 hoc
1688 2339 1764 2393 est,

144 2397 399 2446 breuiffimo
413 2406 621 2465 temporis
634 2405 789 2465 spatio.

206 2462 375 2509 Verum
390 2464 588 2511 arbitrari
602 2484 690 2512 non
705 2466 918 2513 debemus
928 2482 1110 2511 omnem
1126 2465 1237 2511 hanc
1258 2463 1486 2511 oculorum
1503 2463 1756 2529 dispositio·
1781 2474 1885 2511 vistis
1910 2486 1970 2512 cu.

141 2543 353 2581 nem‚tam
368 2528 614 2590 appositum
628 2529 769 2584 situm,
786 2546 874 2576 tam
889 2546 1133 2576 accuratam
1147 2532 1551 2576 communitionem
1565 2529 1621 2576 ad
1637 2545 1761 2576 natu·
1782 2523 1909 2560 stedia.

140 2590 277 2637 talem
288 2591 461 2638 tantum
483 2609 573 2639 tam
588 2594 760 2641 delicati
784 2592 975 2640 membri
989 2598 1201 2656 pertinere
1224 2592 1465 2639 custodiam
1491 2614 1504 2652 ς,
1528 2611 1629 2640 nam
1655 2593 1762 2641 ficut

142 2656 314 2701 Natura
324 2656 473 2702 oculos
497 2674 561 2704 tot
573 2658 838 2705 adiumentis
862 2662 1049 2720 protexit
1070 2673 1220 2705 contra
1236 2675 1371 2704 omne
1392 2657 1436 2703 i'd
1460 2656 1581 2719 quod
1607 2658 1761 2722 aliquo

142 2723 204 2764 eis
217 2718 352 2778 modo
375 2737 528 2766 nocere
539 2739 733 2784 poterat:
761 2728 818 2769 ita
832 2725 955 2768 Deus
977 2721 1070 2767 haec
1080 2721 1234 2768 eadem
1256 2726 1316 2768 eis
1334 2721 1525 2785 praefidia
1549 2724 1758 2785 praestitit,

142 2782 287 2831 adina
309 2788 462 2833 omnia
480 2786 667 2836 arcenda
685 2793 730 2836 ὃς
743 2785 1035 2843 excludenda,
1051 2787 1327 2851 quaecunque
1338 2803 1414 2850 per
1434 2790 1616 2835 intuitus
1638 2791 1764 2832 incu-

1287 2868 1312 2897 e
1345 2868 1372 2898 2
1653 2867 1764 2898 riam

1816 2257 1971 2301 βαεκις.
1993 2273 1995 2275 ·
