2181 3209
424 140 508 202 136
865 121 1224 185 Venibicvs
1274 133 1745 184 Caniniam-s.

918 244 1119 305 CAP.
1221 260 1521 305 XLIII.

509 365 1469 457 Viinq.ani1naetriplicem,caelestia
1485 369 1976 455 inuliera‚pancla5.

513 462 616 521 Vis
637 451 1431 519 memorans:Intellecstuszsua
1445 458 1649 541 cuique
1667 455 1964 543 Voluntas,

657 602 741 632 Res
763 586 846 630 istae
861 587 1066 647 potentiae
1077 586 1235 629 animae
1246 621 1256 635 ,
1278 585 1514 636 Memoria,
1531 583 1794 639 Intellectus,
1809 591 1854 632 δε
1866 586 2038 633 Volun-

654 667 715 696 tas
729 685 741 704 ,
754 646 994 710 earumque
1006 646 1078 693 offi
1086 652 1222 701 cium,
1235 645 1374 691 tribus
1390 647 1614 709 Nymphis
1624 652 1778 696 animae
1791 649 2035 713 obsequen·
2056 665 2096 710 Α

654 714 768 760 tibus
783 712 1198 776 poffintcompatati
1212 745 1225 764 ‚
1239 709 1623 772 quemadmodum
1640 715 1771 759 etiam
1791 718 1835 759 in
1851 718 2039 777 imagine

651 778 910 841 figurantur.
964 778 1241 821 Memoriam
1257 777 1407 836 primis
1423 808 1436 827 ‚
1472 774 1593 820 velut
1603 774 1852 823 thesaurum
1882 783 2036 824 animae
2056 791 2088 834 Β

197 867 338 914 Cmftffi
363 846 371 854 “
419 841 727 889 absconditum
741 847 785 888 δε
799 839 996 886 clausum
1007 854 1124 885 tenet
1136 842 1182 883 in
1199 837 1288 882 sinu
1303 871 1316 890 ‚
1342 853 1553 899 tanquam
1565 838 1797 886 archiuum
1811 839 1835 886 a
1850 843 1948 887 Deo
1959 839 2036 886 fa-

191 915 231 948 Δι’,
243 904 398 964 10.}ap.8.
417 910 537 953 Ctum
551 905 727 968 eiusque
738 923 845 951 curae
859 903 1137 950 commissum
1151 934 1162 945 .
1203 900 1698 966 IntelleChiS‚tamquam
1716 903 1938 967 visaliqua
1950 904 2038 967 spi·

415 971 599 1023 ritualis,
622 971 870 1016 thesaurum
886 967 1008 1013 illum
1023 965 1162 1028 aperit
1177 1003 1188 1018 ‚
1212 962 1364 1026 resque
1377 969 1422 1010 in
1433 981 1485 1009 eo
1500 966 1744 1012 reconditas
1771 966 2032 1014 manifestat.

414 1039 468 1081 Et
483 1036 694 1081 Voluntas
708 1051 758 1078 ex
770 1050 823 1079 eo
838 1032 1059 1094 deprbmit
1072 1065 1084 1084 ‚
1106 1027 1407 1092 quodcunque
1427 1045 1508 1093 pro
1520 1033 1580 1075 rei
1593 1029 1857 1092 temporisve
1871 1049 2012 1095 oppor
2023 1059 2033 1066 ·
2061 1042 2105 1086 D

411 1103 597 1145 tunitate
613 1132 624 1151 ‚
642 1102 797 1143 anima:
813 1096 994 1142 arbitrio
1008 1093 1162 1140 sederit
1174 1091 1463 1156 placueritve:
1485 1093 1646 1139 reliciis
1668 1098 1843 1140 interim
1857 1094 1919 1141 ibi
1942 1096 2037 1142 aliis

412 1167 546 1208 variis
562 1162 689 1208 rebus
711 1160 822 1207 bene
836 1157 1062 1206 custoditis
1077 1193 1090 1212 ‚
1117 1174 1212 1220 quae
1226 1157 1301 1202 suo
1314 1161 1443 1202 etiam
1458 1173 1670 1219 tempore,
1692 1157 1799 1204 dum
1817 1158 1913 1205 vsus
1930 1158 2041 1206 feret
2061 1200 2064 1201 γ
2092 1161 2097 1164 ’

413 1226 483 1272 vel
498 1226 714 1272 necessitas
729 1223 1028 1289 postulabit‚ex
1035 1236 1307 1284 promentur.
1326 1220 1610 1283 Depromtae
1625 1224 1857 1268 Memoriae
1880 1222 2040 1269 scrinio

416 1291 662 1351 (intellectu
679 1288 798 1352 prius
814 1287 976 1333 reclusa
992 1284 1229 1349 pandente)
1248 1283 1461 1330 Voluntas
1473 1288 1628 1330 animae
1642 1284 1773 1331 tradit
1788 1321 1802 1340 ,
1815 1289 1858 1334 in
1876 1291 1966 1333 eius
1981 1286 2039 1334 ad

415 1354 716 1418 quodcunque
729 1352 916 1399 voluerit
929 1349 1192 1412 obsequium
1210 1366 1220 1393 t
1250 1364 1370 1393 nunc
1384 1353 1588 1394 virtutem
1607 1348 1872 1403 hancsnunc
1886 1350 2003 1396 illam
2021 1369 2032 1397 ι

419 1417 658 1481 aliquando
674 1414 976 1463 misericordiae
991 1414 1152 1460 diuinae
1165 1410 1512 1458 recordationem
1527 1446 1541 1465 ,
1564 1411 1833 1476 quandoque
1845 1413 1950 1459 vero
1964 1418 2038 1460 Iu-

418 1484 538 1529 stitiae
555 1501 564 1528 ι
596 1481 818 1527 interdum
831 1483 985 1525 mortis
1009 1477 1344 1524 meditationem
1377 1474 1436 1522 ob
1449 1474 1597 1522 oculos
1614 1476 1823 1531 statuens,
1851 1475 2038 1524 subinde

415 1547 580 1594 iudiciu
589 1565 632 1592 m
646 1584 653 1598 ,
675 1563 749 1592 aut
758 1545 942 1608 gloriam
959 1542 1262 1595 caelestem‚aut
1273 1543 1402 1586 etiam
1417 1555 1619 1586 aeternam
1632 1539 1985 1587 damnationem.

194 1617 395 1666 Descriptio
483 1611 662 1658 Possunt
674 1615 805 1656 etiam
817 1623 900 1654 tres
913 1610 1067 1652 anima:
1080 1603 1308 1651 facultates
1322 1602 1403 1649 hac
1415 1609 1584 1650 ratione
1598 1602 1796 1650 describi.
1820 1603 2040 1653 Diabolus

192 1678 300 1720 mum
314 1679 381 1732 po·
419 1675 537 1721 certo
556 1676 692 1720 sciens
706 1708 719 1726 ,
741 1690 831 1719 non
844 1673 965 1718 aliter
979 1670 1113 1732 quam
1130 1667 1354 1715 voluntate
1365 1666 1562 1714 hominis
1581 1665 1875 1715 consentiente
1888 1685 2041 1733 pecca-

193 1725 401 1752 tenuatum.
418 1756 513 1785 tum
527 1741 745 1785 committi
760 1737 893 1798 posse,
907 1750 954 1781 vt
964 1751 1058 1798 quae
1073 1737 1183 1779 inter
1196 1735 1351 1777 animae
1365 1735 1579 1795 potentias
1590 1735 1797 1778 intimum
1814 1732 1957 1796 palatii
1972 1751 2040 1780 re-

415 1804 576 1850 cess'um
591 1819 723 1866 regat,
744 1805 789 1848 &
805 1802 829 1845 a
844 1816 928 1862 qna
940 1814 1029 1846 tota
1042 1801 1197 1844 animae
1210 1794 1470 1857 gubernatio
1481 1794 1742 1858 dependeat,
1765 1794 1869 1842 ficut
1884 1796 1906 1842 a
1919 1799 2042 1860 Rege

419 1873 465 1914 in
480 1868 554 1914 suo
567 1884 727 1930 regno3
750 1881 797 1911 vt
810 1863 866 1911 ad
881 1862 1159 1909 Voluntatem
1176 1864 1391 1921 pertingat
1412 1858 1598 1922 eamque
1622 1858 1678 1904 ad
1700 1859 1954 1909 consensum
1991 1867 2039 1909 in

419 1932 586 1979 malum
605 1931 795 1995 pelliciat
814 1964 827 1983 ‚
851 1927 905 1973 ab
918 1926 1067 1989 aliquo
1081 1923 1281 1972 sensuum
1316 1927 1575 1969 exteriorum
1601 1929 1896 1970 communiter
1918 1927 2038 1971 inci-
2061 1939 2078 1984 *1

421 2002 487 2061 pit
501 2031 514 2050 ,
535 2001 628 2059 qui,
644 2012 691 2041 vt
704 1992 905 2039 videmus
917 2026 929 2045 ‚
942 1989 1061 2054 quasi
1076 2004 1223 2053 portae,
1235 1987 1661 2034 veletiamianitores
1686 1987 1808 2044 sunt,
1841 1992 1886 2034 in
1898 2004 2041 2036 extre·
2055 2019 2081 2048 2
2112 2040 2115 2041 ⁷

423 2059 646 2109 mitatibus
662 2060 858 2121 corporis
873 2055 965 2102 suas
978 2053 1188 2100 habentes
1203 2053 1432 2098 stationes:
1454 2049 1701 2097 cuiusmodi
1715 2050 1814 2098 sunt
1827 2052 2036 2107 visu3‚au-
2059 2084 2078 2124 3

424 2126 558 2175 ditus,
574 2126 731 2174 taetus,
749 2121 920 2182 reliqui.
962 2121 1041 2166 Per
1054 2117 1198 2164 sensus
1213 2131 1355 2163 autem
1375 2114 1576 2178 (quando
1588 2133 1677 2160 non
1694 2115 1833 2161 statim
1848 2116 2038 2164 excludi·
2053 2147 2083 2185 4

426 2206 496 2237 tur
513 2187 689 2241 >transit
700 2193 799 2231 cum
813 2184 923 2230 mala
935 2182 1008 2229 sua
1019 2185 1258 2228 tentatione
1272 2185 1316 2226 &
1331 2179 1597 2242 suggestione
1608 2178 1664 2224 ad
1677 2178 1942 2236 phantasiam
1958 2181 2043 2228 siue
2057 2209 2079 2253 5

426 2256 790 2313 imaginationem
804 2285 817 2306 ‚
831 2264 1048 2307 *tanquam
1065 2263 1138 2308 per
1171 2244 1318 2291 aulam
1332 2258 1406 2289 aut
1425 2247 1583 2289 atrium
1598 2281 1608 2295 ,
1634 2242 1767 2305 vsque
1779 2243 1834 2290 ad
1859 2243 2044 2308 longum

430 2304 697 2381 peristylium
720 2314 839 2360 velut
861 2311 1167 2358 ambulacrum
1193 2345 1204 2362 ,
1242 2306 1317 2352 vbi
1340 2324 1427 2352 non
1451 2322 1541 2352 tam
1561 2309 1707 2352 emeia
1727 2306 1914 2354 habetur
1931 2314 2045 2357 ratio

429 2386 630 2428 euntium
643 2385 687 2427 δε
700 2378 995 2426 redeuntium,
1010 2373 1242 2437 praesertim
1254 2375 1300 2417 in
1314 2373 1485 2433 magnis
1496 2369 1663 2416 aedibus
1677 2376 1722 2417 ὃ(
1733 2370 1860 2418 aulis.
1873 2373 2043 2421 Verum

428 2445 458 2492 si
475 2444 688 2492 inoffense
702 2448 747 2489 ὅ(
760 2440 942 2504 impune
955 2436 1130 2485 vlterius
1144 2436 1200 2482 acl
1214 2438 1472 2481 memoriam
1486 2434 1620 2497 Vsque
1633 2438 1874 2497 pertingere
1886 2438 2040 2498 potest,

428 2508 583 2572 ibique
593 2506 710 2571 quasi
721 2523 882 2553 certam
897 2502 1086 2550 formate
1098 2503 1407 2564 cogitationem
1424 2519 1437 2554 3
1469 2497 1610 2561 eoque
1633 2498 1823 2561 amplius
1839 2503 1897 2545 ita
1909 2517 2046 2562 pene-

429 2589 539 2619 trare
551 2573 682 2636 Vsque
701 2570 757 2617 ad
773 2569 1042 2616 intellectum
1059 2601 1072 2620 ,
1088 2564 1207 2611 velut
1217 2561 1350 2626 vsque
1360 2561 1416 2608 ad
1428 2565 1606 2608 interius
1619 2564 1778 2608 intimo
1792 2567 2044 2625 proximum

429 2636 686 2682 cubiculum
700 2673 710 2688 ,
736 2634 813 2680 vbi
828 2637 939 2680 ratio
955 2628 1080 2677 reddi
1106 2635 1277 2676 &certa
1299 2630 1453 2672 notitia
1469 2624 1561 2672 dari
1578 2624 1732 2677 debet,
1762 2625 1883 2689 prius
1904 2627 2044 2690 quam

426 2700 483 2748 ad
499 2705 655 2746 intima
667 2698 852 2746 accessus
867 2702 912 2744 δε
925 2694 1147 2742 audientia
1156 2690 1431 2738 obtineatur:
1457 2706 1562 2736 tunc
1572 2693 1611 2735 ei
1624 2689 1735 2735 nihil
1765 2689 1953 2752 amplius
1967 2692 2047 2738 su-

430 2766 587 2828 petest,
605 2763 740 2828 quam
756 2779 803 2808 vt
817 2767 861 2807 in
875 2764 1082 2807 intimum
1100 2755 1316 2823 penetrale
1328 2753 1538 2800 concedat
1552 2788 1564 2807 ‚
1587 2751 1663 2799 vbi
1677 2752 1878 2799 voluntas
1904 2755 2046 2816 praefi.³

430 2829 504 2875 det
516 2851 530 2887 ς,
552 2828 578 2874 ὃ.
609 2832 730 2875 cuius
754 2824 934 2874 arbitrio
953 2838 1098 2870 totum
1116 2817 1337 2884 dependet
1361 2837 1371 2865 :
1396 2816 1484 2887 siue
1505 2832 1558 2867 vt
1578 2814 1809 2883 propofitis
1833 2818 2044 2929 asstzsum

1841 2895 1926 2944 prae
1960 2899 2045 2939 eat,

2055 915 2096 960 ζ’)
